2221 2866
306 384 434 432 Quum
460 392 586 425 autem
611 387 777 427 minores
791 388 904 427 XXV
930 388 1041 427 annis
1068 388 1117 427 ad
1139 387 1279 438 judicia
1305 402 1383 427 non
1410 388 1698 427 admitterentur
1722 386 1787 437 (D.
1801 386 1917 425 XLII
1937 389 1972 434 1,
1988 388 2052 425 57.

198 453 231 491 L
259 456 295 501 4,
323 457 380 502 8),
426 453 538 495 Gellii
567 470 725 505 nomen,
768 457 992 509 simulatque
1032 457 1132 496 hanc
1159 464 1320 496 aetatem
1356 458 1582 509 expleverit,
1625 459 1752 496 statim
1777 457 1819 495 in
1844 455 1934 495 albo
1956 455 2054 508 judi-

198 537 284 562 cum
310 525 537 577 inscriptum·
559 540 644 566 esse
671 528 897 579 putabimus.

328 594 387 633 De
413 596 528 636 rebus
555 596 604 635 ad
624 597 688 649 jus
716 597 824 637 civile
850 597 1124 649 pertinentibus
1166 610 1245 637 non
1276 598 1390 638 modo
1418 597 1532 639 ICtos
1565 610 1775 649 eorumque
1812 595 1931 636 libros
1960 608 2052 636 con-

197 664 355 713 sulebat,
384 665 451 704 sed
475 666 587 706 etiam
615 667 881 718 grammaticos
909 668 955 707 cf.
974 668 1053 707 XX
1074 669 1134 716 10,
1163 667 1227 706 ubi
1253 681 1278 707 a
1302 668 1550 720 grammatico
1570 667 1794 707 adulescens
1815 666 2045 719 appellatur.

196 734 344 773 Eodem
371 742 575 788 tempore
603 736 880 777 Favorinum
908 737 1149 790 plurimum
1181 738 1445 777 sectabatur
1474 737 1557 790 (ib.)
1588 738 1612 777 i.
1647 751 1678 777 e.
1714 737 1747 777 si
1780 743 1912 777 nostra
1945 749 2047 776 com·

196 805 341 856 putatio
370 819 459 845 vera
486 813 545 847 est
570 820 602 847 c.
630 820 664 846 a.
696 810 781 847 155.
823 808 869 847 In
896 821 1018 848 annos
1046 808 1216 860 proxime
1243 814 1444 860 sequentes
1470 808 1585 860 igitur
1612 808 1743 848 omnia
1768 807 1918 856 cadent,
1949 820 2047 859 quae

196 875 243 913 de
271 876 543 916 consuetudine
574 891 642 917 sua
676 891 760 917 cum
787 878 980 918 Favorino
1014 878 1076 929 (de
1105 892 1179 930 qua
1204 878 1420 930 nuperrime
1447 878 1539 917 dixit
1564 879 1615 917 M.
1641 878 1819 917 Hertzius
1846 877 1931 917 Iud.
1957 878 2060 917 lect..

196 953 289 984 aest.
306 946 457 986 Vratisl.
487 948 523 988 h.
551 949 602 1000 a.)
629 957 773 988 narrat:
801 949 904 988 velut
930 962 972 988 se
998 962 1085 988 cum
1110 962 1156 987 eo
1183 949 1233 987 ad
1251 949 1487 988 Frontonem
1514 951 1635 988 visum
1663 949 1779 988 ivisse
1805 949 1846 987 Π
1873 950 1936 997 26,
1966 949 2044 987 Do—

196 1016 301 1055 mitio
328 1017 471 1057 Insano
497 1020 742 1069 grammatico
770 1019 978 1058 occurrisse
1005 1019 1139 1058 XVIII
1155 1021 1189 1066 7,
1218 1019 1319 1070 apud
1346 1019 1504 1058 balneas
1520 1019 1640 1058 Titias
1654 1019 1714 1058 111
1731 1022 1770 1067 1,
1799 1018 1861 1057 vel
1886 1020 1927 1057 in
1955 1032 2045 1057 area

196 1087 267 1125 fori
295 1087 450 1139 Trajani
477 1088 691 1128 ambulasse
717 1089 815 1128 XHI
843 1090 906 1137 25,
935 1088 1064 1128 Ostiae
1090 1089 1205 1127 fuisse
1231 1089 1366 1128 xvm
1395 1092 1429 1137 l,
1458 1089 1497 1127 in
1524 1089 1615 1127 villa
1641 1089 1794 1128 Antiate
1821 1088 1938 1127 XVII
1967 1089 2028 1126 10.

329 1146 455 1205 Quum
490 1165 617 1198 autem
647 1159 735 1198 dicit
760 1159 994 1198 Favorinum
1025 1159 1289 1198 salutationem
1317 1158 1493 1199 Caesaris
1527 1159 1788 1210 opperientem
1827 1159 1868 1197 in
1902 1159 2043 1197 circulo

196 1226 393 1267 doctorum
420 1228 615 1268 hominum
642 1229 867 1277 constitisse,
896 1228 966 1278 (IV
985 1232 1000 1267 1
1032 1235 1071 1267 et
1098 1229 1176 1267 XX
1192 1231 1227 1276 1,
1257 1228 1320 1267 ubi
1333 1228 1420 1268 Sex.
1437 1228 1624 1268 Caecilius
1650 1228 1766 1268 Ictus
1793 1228 1937 1279 primas
1956 1241 2041 1280 par·

194 1303 251 1336 ies
279 1298 383 1350 agit),
411 1305 570 1350 apparet
603 1300 677 1339 hoc
710 1295 799 1339 ante
826 1314 861 1338 a.
892 1301 965 1338 161
994 1299 1175 1338 accidisse
1202 1312 1279 1350 quo
1305 1313 1408 1338 anno
1434 1299 1651 1338 Antoninus
1669 1299 1759 1337 Pius
1785 1304 1956 1337 mortuus
1984 1305 2043 1337 est

194 1375 233 1406 et
259 1368 334 1407 duo
360 1368 522 1420 Augusti
561 1370 610 1408 ad
637 1370 834 1421 imperium
860 1375 1114 1408 accesserunt.
1171 1369 1360 1420 Sulpicius
1386 1369 1617 1420 Apollinaris
1644 1369 1837 1407 etiamtum
1878 1369 1917 1407 iu
1944 1369 2041 1407 vivis

194 1447 285 1486 erat,
314 1433 404 1477 nam
431 1453 516 1478 eum
543 1447 786 1492 percontatus
814 1446 872 1480 est
898 1440 945 1479 de
972 1453 1087 1479 sensu
1115 1440 1317 1479 verborum
1345 1440 1471 1489 „intra
1487 1439 1721 1487 Kalendas“,
1751 1453 1848 1478 cum
1875 1439 2044 1478 Romae

195 1523 217 1546 a
245 1510 508 1549 consulibus
530 1510 670 1562 judex
698 1518 830 1549 extra
855 1510 1075 1549 ordinem
1103 1510 1241 1551 datus
1269 1515 1396 1549 esset
1423 1510 1502 1562 XII
1531 1511 1590 1548 13.

326 1579 448 1627 Quem
478 1580 540 1619 ubi
568 1580 655 1620 dicit
681 1593 765 1619 cum
794 1580 990 1619 Frontone
1017 1585 1055 1619 et
1079 1579 1197 1619 Festo
1211 1580 1405 1620 Postumio
1431 1581 1597 1630 (oratore
1615 1578 1792 1628 Numida,
1821 1578 1968 1618 Fronto
1995 1579 2045 1618 ad

194 1649 301 1688 amic.
330 1649 369 1688 II
399 1650 446 1688 10
475 1649 533 1689 ed.
562 1649 691 1690 Naber
717 1664 754 1701 p.
784 1650 875 1701 200)
901 1649 942 1689 in
968 1650 1155 1690 vestibulo
1182 1649 1316 1689 Palatii
1342 1650 1556 1690 fabulantes
1583 1649 1733 1689 stetisse
1761 1649 1875 1696 (XIX
1892 1649 1968 1701 13),
1998 1649 2044 1688 de

193 1720 325 1759 eodem
352 1727 521 1772 tempore
559 1721 799 1772 cogitandum
834 1721 914 1759 erit.
969 1720 1067 1759 Nam
1101 1721 1160 1760 his
1193 1721 1287 1772 ipsis
1319 1722 1429 1760 annis
1457 1720 1689 1772 Apollinaris
1726 1720 1852 1759 obisse
1884 1720 2044 1758 videtur.

192 1791 349 1830 Helvius
377 1792 477 1830 enim
504 1792 699 1839 Pertinax,
728 1792 790 1842 qui
817 1798 952 1842 postea
977 1792 1183 1842 imperator
1208 1792 1294 1838 fuit,
1336 1798 1448 1830 natus
1475 1806 1510 1829 a.
1543 1793 1637 1839 126,
1667 1804 1713 1829 eo
1740 1791 1922 1842 magistro
1948 1804 2039 1829 usus

192 1868 268 1899 est:
308 1870 413 1912 post
440 1875 565 1913 quem
593 1861 712 1900 idem
740 1861 957 1899 Pertinax
989 1861 1315 1912 grammaticen
1349 1862 1584 1913 professus
1619 1867 1688 1900 est
1713 1861 1778 1899 vit.
1806 1861 1906 1899 Pert.
1937 1874 1970 1899 c.
2001 1863 2042 1908 13

191 1931 255 1970 ubi
283 1939 388 1984 post
415 1945 542 1983 quem
563 1945 641 1970 non
655 1931 763 1971 aliter
780 1931 947 1982 intellegi
964 1944 1080 1983 posse
1099 1931 1262 1970 arbitror
1279 1931 1351 1970 nisi
1379 1939 1483 1982 post
1509 1932 1605 1983 ejus
1631 1938 1836 1970 mortem.
1863 1930 2042 1969 Pertinax

192 2009 316 2042 autem
347 2016 431 2041 cum
459 2002 499 2041 in
527 2002 772 2053 grammatice
799 2002 923 2040 minus
951 2009 1129 2052 quaestus
1156 2001 1370 2052 proficeret,
1400 2001 1703 2040 centurionatum
1722 2002 1829 2052 petiit
1856 2008 1895 2039 et
1911 2008 2046 2040 nactus

192 2079 272 2122 est,
315 2073 449 2112 deinde
476 2072 690 2125 praefectus
722 2071 888 2111 cohortis
921 2072 962 2110 in
989 2070 1099 2124 Syria
1135 2071 1221 2118 fuit,
1264 2071 1399 2111 deinde
1434 2071 1535 2112 bello
1562 2071 1739 2111 Parthico
1767 2071 1950 2111 industria
1976 2086 2047 2111 sua

197 2144 424 2196 promeritus
452 2149 520 2191 est,
550 2143 652 2194 quod
680 2157 715 2182 a.
746 2144 820 2181 163
849 2148 1025 2193 coeptum
1053 2156 1137 2181 esse
1166 2148 1332 2192 constat3
1360 2142 1502 2193 aliquot
1529 2143 1643 2194 igitur
1669 2143 1779 2181 annis
1806 2148 1895 2181 ante
1913 2156 1947 2180 a.
1971 2143 2044 2180 163

191 2213 452 2265 Apollinarem
479 2212 687 2252 decessisse
714 2219 883 2263 apparet.

327 2283 454 2321 Etiam
484 2283 702 2333 disciplinae
730 2281 946 2333 dialecticae
978 2282 1051 2321 hoc
1079 2283 1211 2320 eodem
1240 2290 1410 2333 tempore
1439 2281 1586 2321 Gellius
1613 2282 1761 2321 videtur
1796 2295 1953 2333 operam
1986 2282 2048 2319 de—

200 2355 299 2394 disse
328 2354 374 2392 cf.
389 2353 483 2392 XVI
498 2355 533 2401 8,
562 2353 627 2391 ubi
654 2352 700 2391 de
727 2352 824 2391 libro
843 2352 940 2391 Aelii
968 2351 1124 2392 Stilonis
1152 2353 1191 2390 in
1209 2353 1318 2390 Pacis
1346 2353 1575 2391 bibliotheca
1602 2367 1625 2391 a
1643 2366 1683 2391 se
1702 2358 1853 2403 reperto
1871 2351 2046 2403 loquitur.

320 2423 536 2464 Novissimo
563 2423 725 2462 fortasse
746 2421 930 2461 Antonini
956 2421 1013 2460 Pii
1040 2435 1142 2460 anno
1170 2422 1341 2461 Athenas
1368 2422 1426 2461 ad
1454 2423 1720 2475 capiendum
1751 2423 1924 2474 ingenii
1951 2422 2042 2461 cul·

190 2503 283 2536 tum
310 2495 557 2535 concessit
582 2494 603 2532 I
630 2496 664 2541 2,
693 2493 837 2532 Herodi
862 2493 1001 2540 Attico,
1031 2494 1112 2531 viro
1140 2490 1386 2532 consulari
1413 2493 1599 2532 honore
1626 2493 1848 2545 praedito
1875 2492 1941 2546 (ib.
1962 2506 2040 2532 cos.

202 2568 268 2605 fuit
302 2567 392 2615 143)
418 2567 577 2604 fortasse
604 2572 644 2602 ut
670 2565 853 2602 Baehrius
882 2564 1093 2615 suspicatus
1121 2572 1198 2611 est,
1232 2577 1302 2615 per
1328 2564 1562 2602 Favorinum
1589 2565 1888 2603 commendatus.
1943 2563 2045 2603 Con-
