2221 2866
217 946 279 1003 De
307 962 394 1000 Auli
422 961 536 1001 Gellii
562 963 663 1001 vitae
689 963 922 1015 temporibus
950 969 1038 1015 post
1064 962 1157 1002 alios
1185 969 1359 1002 accurate
1396 963 1473 1015 egit
1500 963 1681 1002 Baehrius
1719 963 1759 1002 in
1788 963 2062 1012 dissertatione,

218 1046 333 1083 quae,
376 1039 417 1071 ut
453 1046 575 1084 nuper
613 1034 733 1072 facete
775 1034 865 1072 dixit
898 1034 1012 1072 homo
1054 1035 1203 1081 doctus,
1245 1036 1285 1072 in
1312 1034 1528 1084 ingentibus
1554 1034 1627 1072 illis
1653 1034 1802 1073 Erschii
1830 1040 1867 1072 et
1895 1033 2062 1072 Gruberi

216 1104 444 1144 catacumbis
479 1103 626 1154 sepulta
661 1109 728 1142 est.
784 1104 860 1143 Ubi
894 1117 1009 1155 quum
1043 1104 1161 1142 multa
1200 1111 1301 1142 recte
1343 1104 1546 1142 observata
1585 1117 1669 1142 esse
1710 1103 1930 1151 videantur,
1976 1109 2065 1141 sunt

215 1179 341 1212 tamen
370 1187 464 1225 quae
492 1174 674 1214 Baehrius
711 1175 760 1214 ad
797 1175 1050 1214 definitionem
1087 1180 1299 1225 temporum
1337 1175 1514 1213 adhibere
1556 1175 1781 1235 neglexerit,
1825 1181 1913 1213 sunt
1947 1174 2061 1212 etiam

216 1256 312 1295 quae
340 1244 447 1282 aliter
476 1243 687 1283 definienda
714 1257 797 1284 esse
824 1258 1011 1284 censeam.

348 1314 432 1361 Quo
460 1321 630 1365 tempore
659 1314 804 1354 Gellius
833 1315 1053 1354 adulescens
1089 1317 1135 1353 in
1175 1316 1355 1354 scholis
1382 1315 1470 1353 fuit
1496 1315 1590 1353 XVI
1620 1318 1638 1353 1
1676 1321 1713 1353 et
1746 1315 1804 1353 ad
1831 1329 2063 1365 gramma-

214 1385 339 1422 tic-os
379 1385 521 1422 itavit
562 1385 636 1423 VII
677 1388 722 1431 6,
766 1386 1034 1423 Terentius
1077 1386 1296 1431 Scaurus,
1346 1387 1443 1423 divi
1486 1386 1723 1422 Hadriani
1760 1386 2060 1435 temporibus

214 1455 556 1506 grammaticus
598 1456 678 1494 vel
718 1456 1060 1494 nobilissimus
1102 1456 1177 1500 (XI
1207 1459 1272 1502 15)
1314 1462 1351 1494 et
1378 1455 1561 1494 Hadriani
1599 1461 1639 1494 ut
1665 1455 1814 1493 videtur
1840 1463 2065 1506 praeceptor

218 1526 297 1573 (vit.
328 1525 372 1564 L.
401 1525 490 1565 Veri
518 1541 549 1564 c.
580 1528 620 1572 2)
656 1527 736 1577 jam
774 1533 944 1565 mortuus
981 1526 1066 1574 fuit3
1113 1540 1201 1564 nam
1245 1526 1290 1564 de
1332 1527 1416 1565 loco
1450 1527 1489 1564 in
1526 1526 1603 1577 ejus
1637 1526 1734 1565 libro
1770 1540 1850 1564 non
1876 1526 2067 1564 intellecto

223 1594 347 1634 Gellio
390 1595 577 1647 Sulpicius
616 1596 845 1647 Apollinaris
886 1597 1078 1646 rogandus
1119 1597 1203 1641 fuit,
1255 1611 1369 1647 quem
1410 1597 1705 1635 adulescens
1748 1596 2063 1644 (adulescen-

214 1667 344 1704 tulus
371 1667 448 1705 XX
476 1669 517 1713 6)
545 1668 830 1706 sectabatur
857 1667 1067 1705 discendi
1096 1668 1271 1717 gratia,
1301 1668 1542 1705 hominem
1570 1668 1825 1705 memoriae
1854 1675 2066 1713 nostrae,

219 1745 258 1774 ut.
287 1738 358 1782 ait,
402 1737 733 1775 doctissimum
760 1737 857 1775 XIII
887 1739 946 1774 18.
1003 1737 1091 1774 Jam
1121 1737 1180 1774 hic
1215 1738 1327 1787 igitur
1368 1751 1585 1782 monemur,
1622 1738 1916 1775 adulescentiam
1947 1737 2063 1775 Gellii

218 1821 294 1844 non
323 1808 359 1843 in
375 1807 558 1844 Hadriani
586 1821 697 1857 quem
724 1808 860 1858 ubique
877 1807 1016 1844 Divum
1044 1807 1221 1857 appellat,
1251 1808 1317 1843 sed
1346 1808 1384 1844 in
1406 1808 1588 1845 Antonini
1607 1808 1663 1844 Pii
1686 1815 1849 1845 aetatem
1876 1807 2061 1845 incidisse.

348 1877 606 1928 Apollinarem
635 1877 839 1927 Sulpicium
878 1883 1041 1915 sectatus
1081 1890 1163 1914 esse
1205 1877 1352 1914 videtur
1392 1878 1479 1914 inde
1517 1878 1565 1915 ab
1601 1891 1702 1916 anno
1739 1879 1870 1916 aetatis
1903 1878 2064 1928 septimo

218 1949 362 1986 decimo
390 1948 451 1985 vel
479 1947 799 1997 duodevicesim03
834 1962 923 1985 nam
950 1948 998 1985 ad
1026 1961 1110 1985 eum
1140 1961 1179 1985 se
1208 1947 1397 1998 applicuit,
1427 1961 1525 1986 cum
1553 1950 1641 1998 jam
1667 1949 2063 1988 adulescentulus

217 2026 519 2070 praetextam
548 2027 591 2056 et
618 2019 848 2068 puerilem
876 2025 1036 2068 togam
1065 2026 1302 2055 mutasset
1329 2020 1680 2069 magistrosque
1707 2026 1821 2057 tunc
1849 2020 1937 2057 sibi
1965 2020 2063 2070 ipse

216 2090 586 2141 exploratiores
615 2095 871 2139 quaereret
898 2089 1031 2127 XVIII
1060 2093 1102 2137 43
1145 2102 1241 2139 quae
1279 2090 1434 2127 mutatio
1466 2090 1563 2127 inter
1599 2103 1742 2128 annum
1769 2090 1902 2128 aetatis
1930 2090 2004 2128 XV
2033 2099 2066 2127 et

216 2161 332 2198 XVII
358 2161 438 2199 fieri
466 2160 612 2197 solebat
639 2159 884 2209 (Marquardt.
913 2159 1106 2196 Enchirid.
1136 2160 1171 2196 V
1202 2163 1234 2202 1,
1269 2160 1357 2211 135)
1411 2160 1455 2197 In
1485 2160 1557 2198 hac
1585 2160 1783 2211 disciplina
1810 2159 1955 2199 Gellius
1985 2173 2067 2198 esse

216 2237 393 2281 coeperat
419 2230 517 2268 inter
543 2243 664 2267 annos
692 2243 729 2279 p.
760 2228 803 2268 C.
831 2231 902 2267 146
933 2236 970 2267 et
987 2230 1072 2267 150.
1113 2229 1210 2267 Nam
1240 2229 1533 2268 adulescens
1560 2230 1753 2278 Romae,
1784 2245 1885 2269 cum
1914 2231 2065 2268 etiam>

213 2311 306 2339 tum
333 2301 390 2338 ad
426 2300 770 2351 grammaticos
808 2300 977 2346 itaret,
1022 2300 1209 2337 audivit
1236 2300 1580 2350 Apollinarem
1611 2301 1894 2352 Sulpicium,
1938 2314 2069 2352 quem

214 2374 258 2410 in
286 2372 448 2423 primis
477 2370 744 2409 sectabatur
783 2392 825 2398 ——
850 2369 1024 2408 Erucio
1054 2369 1192 2409 Claro
1220 2371 1465 2420 praefecto
1493 2372 1617 2419 urbi,
1647 2372 1805 2410 dicere
1834 2380 1904 2411 etc.
1934 2372 2008 2412 VII
2037 2375 2070 2410 6.

223 2442 375 2480 Videtur
402 2448 526 2479 autem
554 2440 714 2478 Erucius
743 2440 878 2478 Clarus
908 2440 975 2485 (de
1004 2454 1078 2491 quo
1107 2441 1153 2478 cf.
1182 2441 1293 2478 etiam
1323 2440 1418 2478 Plin.
1448 2454 1535 2493 epp.
1565 2442 1604 2480 II
1634 2445 1654 2480 9
1683 2442 1829 2481 Fronto
1858 2444 1916 2481 ed.
1945 2442 2074 2481 Naber

221 2528 258 2565 p.
290 2516 330 2560 6)
358 2513 571 2564 praefectus
599 2511 682 2549 urbi
708 2511 981 2562 post.alterum
1011 2524 1119 2549 suum
1149 2511 1383 2550 consulatum
1413 2514 1526 2559 (146)
1554 2512 1674 2551 factus
1702 2525 1804 2561 esse,
1834 2526 1931 2565 quae
1959 2513 2069 2552 etiam

216 2584 378 2623 Corsinii
407 2582 594 2621 sententia
624 2588 690 2619 est.
735 2581 883 2618 Etenim
901 2581 995 2619 XIII
1019 2583 1062 2619 18
1079 2579 1225 2619 Gellius
1241 2580 1503 2631 Apollinarem
1532 2582 1620 2620 dicit
1647 2582 1768 2621 eidem
1787 2583 1927 2622 Erucio
1942 2582 2068 2626 Claro,
