2221 2866
1115 250 1139 282 ¹1

204 350 449 403 Capitonis
475 351 576 391 Atei
605 352 939 405 conjectaneis3
967 353 1040 393 nisi
1067 354 1305 405 quaestiones
1334 353 1517 405 quasdam
1543 353 1703 392 Athenis
1731 353 1771 392 in
1800 352 2067 393 Saturnalibus

205 435 349 473 nuper
374 428 555 460 tractatas
593 435 677 462 esse
705 423 865 472 diceret3
905 423 974 462 sed
1013 424 1116 475 quod
1142 423 1202 463 ΠΙ
1230 425 1273 472 3,
1318 425 1339 461 7
1382 424 1641 475 nuperrime
1684 437 1725 463 se
1759 423 1883 463 Plauti
1910 424 2069 464 Fretum

203 491 341 544 legisse
377 499 659 541 commemorat,
688 498 818 544 aperte
845 492 883 532 id
909 498 1059 545 tempus
1087 494 1285 545 significat,
1315 507 1389 545 quo
1416 494 1456 532 in
1470 494 1654 533 Noctibus
1683 494 1762 533 suis
1790 495 2068 545 componendis

203 570 408 615 occupatus
435 569 525 603 erat.

337 635 435 673 Tam
463 649 550 673 raro
579 634 744 674 Gellium
773 635 819 673 de
847 641 970 674 aetate
997 649 1067 674 sua
1094 636 1325 686 promotiore
1353 636 1466 687 loqui,
1496 649 1542 674 eo
1568 636 1692 687 magis
1716 636 1965 674 memorabile
1993 643 2062 683 est,

206 705 307 755 quod
335 719 432 756 opus
461 719 570 744 suum
597 706 722 744 multis
750 706 902 744 demum
929 706 1040 744 annis
1067 712 1155 757 post
1181 706 1342 745 reditum
1370 720 1390 744 e
1418 705 1581 745 Graecia
1609 707 1833 758 composuit.

335 777 380 813 In
410 777 643 827 praefatione
680 790 793 827 quam
830 777 935 827 operi
969 777 1143 815 absoluto
1171 777 1382 828 praemisit,
1426 789 1467 814 se
1508 777 1635 814 omnia
1674 783 1849 828 tempora
1886 778 1935 815 ad
1972 790 2063 816 con-

204 846 423 884 tinuandam
460 847 720 885 collectionem
753 846 978 884 collaturum
1013 860 1097 886 esse
1140 848 1245 893 dicit,
1288 853 1501 898 quantum
1541 847 1661 885 vitae
1697 847 1803 885 mihi
1840 847 2060 900 deinceps

206 919 330 957 deum
358 918 595 956 voluntate
623 918 727 959 erit,
766 924 1074 969 quantumque
1103 932 1126 955 a
1153 918 1321 955 tuenda
1358 932 1403 955 re
1432 918 1647 956 familiari
1674 918 2060 970 procurandoque

207 990 332 1028 cultu
369 989 618 1027 liberorum
658 1002 853 1027 meorum
883 988 1062 1026 dabitur
1102 990 1249 1027 otium,
1278 1011 1327 1016 —-
1357 988 1682 1038 Progredietur
1711 1001 1819 1039 ergo
1848 1002 2058 1027 numerus

206 1060 426 1100 librorum
466 1082 516 1089 —
557 1073 653 1098 cum
693 1059 840 1111 ipsius
881 1058 1003 1097 vitae
1045 1059 1257 1110 quantuli
1298 1060 1461 1110 quique
1502 1058 1679 1097 fuerint
1717 1058 2057 1110 progressibus.

208 1131 333 1179 Quum
373 1137 497 1170 autem
537 1130 790 1169 voluminibus
818 1129 895 1168 XX
933 1128 997 1167 illo
1038 1135 1208 1180 tempore
1243 1129 1324 1181 jam
1365 1129 1413 1167 ad
1450 1129 1565 1167 finem
1605 1128 1793 1179 perductis
1835 1142 1937 1167 nova
1978 1142 2056 1167 non

207 1202 399 1253 adjecerit,
441 1200 587 1239 videtur
628 1213 707 1238 non
744 1200 806 1237 diu
848 1200 952 1251 operi
992 1212 1060 1238 suo
1101 1199 1366 1250 supervixisse.
1422 1198 1504 1237 Etsi
1531 1205 1656 1238 autem
1684 1198 1827 1250 aliquot
1852 1212 1975 1238 annos
2016 1199 2056 1236 in

207 1272 519 1323 compositionem
533 1271 709 1309 Noctium
736 1270 957 1308 insumsisse
984 1274 1110 1319 potest
1139 1274 1190 1317 (V.
1208 1269 1410 1308 Baehrium
1432 1282 1470 1319 p.
1491 1269 1571 1316 50),
1599 1268 1637 1306 id
1665 1274 1790 1306 tamen
1819 1282 1865 1306 ex
1880 1268 2055 1306 omnibus

208 1355 302 1394 quae
330 1341 453 1380 adhuc
480 1340 753 1392 disputavimus
780 1345 949 1390 apparet,
979 1339 1095 1377 videri
1124 1352 1211 1377 eum
1231 1346 1297 1377 aut
1318 1338 1532 1378 novissimis
1554 1338 1604 1377 M.
1622 1338 1802 1377 Antonini
1823 1338 2055 1390 temporibus

208 1422 270 1452 aut
298 1413 509 1452 Commodo
539 1411 619 1450 solo
649 1412 858 1462 imperante
886 1410 1100 1461 scripsisse3
1143 1410 1209 1447 sed
1244 1417 1370 1460 potest
1397 1424 1488 1448 sane
1518 1410 1629 1447 etiam
1659 1409 1845 1448 Pertinaci
1874 1410 2053 1448 condisci-

210 1485 297 1534 pulo
327 1497 393 1522 suo
423 1483 521 1533 apud
552 1482 758 1533 Sulpicium
787 1480 1047 1531 Apollinarem
1076 1488 1266 1530 superstes
1296 1482 1419 1519 fuisse.
