2221 2866
1080 232 1107 267 6

151 342 227 377 stat
245 344 348 376 certe
365 335 524 375 Athenis
538 335 706 375 Gellium
729 343 1005 375 commoratum
1028 350 1114 376 esse
1141 345 1229 376 ante
1244 336 1438 387 Peregrini
1453 335 1578 375 Protei
1598 342 1758 374 mortem
1780 335 1874 387 (165
1887 350 1924 387 p.
1943 336 2015 388 0.),

153 420 267 459 quem
294 419 337 445 se
364 405 540 444 vidisse
569 406 657 444 dicit
685 420 817 457 quum
844 406 1038 445 Athenis
1066 415 1187 446 esset
1216 407 1290 445 XII
1322 409 1365 445 11
1397 413 1435 444 et
1462 406 1694 445 audivisse
1721 401 1816 445 VIII
1844 408 1879 445 3.
1930 406 2015 446 Gal-

159 478 276 516 visius
304 483 433 515 autem
447 477 599 515 Taurus
621 476 843 528 Berytensis
872 491 946 528 quo
975 478 1158 529 mag-istro
1187 491 1227 516 se
1255 491 1361 515 usum
1392 490 1476 515 esse
1502 476 1706 515 identidem
1734 484 2015 523 commemorat,

153 549 212 586 vir
239 548 458 587 memoria
493 554 667 595 nostra,
712 554 751 585 ut
783 548 847 594 ait,-
884 548 924 586 in
953 548 1200 599 disciplina
1226 548 1465 586 Platonica
1494 547 1854 586 celebratus-‘VII
1884 548 1951 593 10,
1986 547 2016 584 si

160 619 366 667 Herodemv
386 618 554 657 Atticum
583 618 709 656 docuit
741 618 971 665 (Philostrat.
1001 620 1081 657 vitt.
1110 618 1233 669 Sop'h.
1259 620 1297 657 11
1329 623 1362 663 1,
1394 621 1444 657 34
1451 626 1464 665 j
1509 619 1571 670 qui
1605 632 1637 656 c.
1671 620 1740 656 101
1780 625 1891 656 natus
1924 623 2015 665 erat,

153 689 218 728 illo
246 696 422 740 tempore
449 689 526 741 jam
553 689 780 728 senexfuit.
836 688 1008 739 (Hieron.
1039 690 1087 728 ad
1115 703 1148 728 a.
1182 690 1482 728 146:-Taurus
1510 689 1659 728 clarus
1687 688 1904 734 habetur).
1949 687 2017 727 Su-

156 761 295 799 mimus
327 761 443 812 igitur
465 759 641 798 Gellium-
659 772 803 797 annum
829 759 908 797 fere
935 760 1169 811 trigesimum
1199 761 1360 811 primum
1389 767 1565 811 agentem
1594 758 1752 797 Athenis
1778 759 1904 804 fuisse,
1933 759 1944 795 i
1985 770 2017 796 e.

158 844 190 868 c.
218 844 253 868 a.
285 833 359 869 161
391 830 592 882 (Baehrius
619 843 712 868 cum·
736 829 945 867 Dodwellio
976 830 998 867 1.
1030 830 1052 867 1.
1083 843 1120 881 p.
1153 833 1199 868 48
1229 843 1262 868 a.
1295 832 1397 882 159).
1454 830 1561 877 Quae
1590 828 1775 866 sententia
1803 842 1848 867 eo
1876 831 2015 880 optime

158 903 428 949 confirmatur,
471 902 572 953 quod
615 901 761 939 Gellius
804 900 954 939 sodales
996 914 1085 939 suos
1123 902 1376 939 Athenienses
1424 900 1701 950 earundemque
1737 900 2017 950 disciplinarum

156 979 365 1011 sectatores
393 972 534 1023 ubique
562 973 740 1010 ni-fallor
780 981 858 1010 tam
887 978 1110 1010 constanter
1131 972 1327 1022 juvenes
1355 972 1522 1021 appellat
1549 971 1587 1008 II
1611 973 1672 1017 21,
1701 970 1774 1009 VII
1800 973 1858 1017 10,
1887 971 1965 1008 XII
1979 973 2014 1016 5,

158 1043 235 1082 XV
253 1046 286 1090 1,
316 1056 431 1094 quam
459 1056 502 1081 se
528 1044 652 1093 ipsum
681 1043 882 1094 magistros
911 1043 1106 1081 Romanos
1134 1044 1435 1092 frequentantem
1464 1041 1743 1080 adulescentem
1770 1041 1885 1080 fuisse
1913 1041 2015 1090 dicit3

158 1113 374 1152 Varronem
397 1113 535 1163 opinor
559 1121 708 1151 secutus
724 1114 788 1164 qui
802 1113 903 1164 apud
922 1112 1134 1151 Censorini.
1152 1112 1187 1149 d.
1204 1127 1242 1149 n.
1258 1127 1290 1149 c.
1311 1115 1358 1149 14
1383 1126 1484 1150 anno
1508 1112 1699 1162 trigesimo
1724 1111 2016 1149 adulescentiam

163 1183 275 1229 finiri,
298 1183 538 1234 juventutem
566 1183 732 1233 incipere
762 1183 860 1221 dicit.
917 1182 1029 1222 Unde
1059 1190 1355 1220 consentaneum
1387 1190 1453 1228 est,
1484 1183 1553 1220 iter
1580 1183 1618 1220 in
1647 1181 1848 1221 Graeciam
1876 1182 2019 1233 aliquot

165 1266 357 1292 annorum
383 1252 584 1291 intervallo
612 1253 752 1291 distare
780 1253 829 1291 ab
857 1259 979 1291 aetate
1007 1252 1121 1291 XXV
1148 1265 1348 1298 annorum,
1378 1266 1491 1302 quam
1519 1252 1812 1290 adulescentiam
1839 1252 2015 1303 appellat.

298 1322 479 1362 Ceterum
505 1322 691 1361 Baehrius
718 1322 743 1361 l.
773 1322 797 1361 l.
825 1336 863 1374 p.
894 1324 943 1361 45
973 1329 1073 1360 recte
1102 1322 1340 1369 observavit,
1384 1320 1550 1361 Gellium
1584 1336 1662 1361 non
1689 1322 1774 1374 plus
1811 1336 1886 1361 uno
1914 1336 2017 1361 anno

161 1394 325 1433 Athenis
353 1393 472 1432 videri
500 1400 777 1432 commoratum
805 1407 910 1442 esse;
942 1393 1042 1431 unde
1069 1392 1287 1431 Eleusinem
1303 1381 1398 1431 VIII
1427 1395 1461 1441 3,
1490 1393 1730 1444 AeginamII
1758 1395 1820 1441 21,
1848 1393 2020 1445 Delphos

159 1465 239 1503 XII
268 1466 314 1512 5,
362 1464 496 1502 Patras
523 1464 658 1503 XVIII
688 1467 709 1503 9
738 1465 881 1515 petivit.
936 1464 1030 1515 Ejus
1050 1464 1157 1501 anni
1186 1471 1368 1502 aestatem
1398 1471 1669 1502 commemorat
1695 1464 1733 1502 11
1762 1466 1831 1513 213
1874 1470 2019 1502 aestum

161 1536 253 1573 anni
281 1535 446 1572 medium
473 1535 608 1573 XVIII
639 1537 707 1584 103
738 1536 841 1573 sidus
869 1535 1038 1573 autumni
1065 1535 1399 1584 flagrantissimum
1427 1535 1445 1572 I
1474 1537 1518 1581 23
1561 1535 1706 1586 Pythia,
1736 1548 1831 1585 quae
1858 1536 1896 1572 in
1927 1535 2019 1586 Sep-

157 1605 344 1642 tembrem
371 1604 591 1642 incidebant
606 1605 750 1652 (Baehr
765 1619 802 1655 p.
819 1608 870 1642 44
884 1605 927 1650 b)
942 1604 1020 1642 XII
1043 1606 1079 1650 5,
1108 1604 1269 1641 hiemem
1293 1605 1407 1643 XVII
1429 1607 1451 1642 8
1479 1612 1516 1641 et
1538 1604 1765 1655 longinquas
1787 1605 1864 1655 ejus
1887 1612 2018 1643 noctes

159 1675 279 1725 praef.
309 1677 346 1722 4,
377 1674 593 1713 Saturnalia
620 1675 754 1714 XVIII
782 1677 804 1713 2
835 1683 872 1713 et
902 1677 961 1712 13.
1017 1674 1190 1713 Reditum
1221 1688 1241 1712 e
1271 1674 1433 1712 Graecia
1466 1676 1503 1712 in
1532 1675 1678 1713 Italiam
1715 1683 1772 1713 ter
1799 1676 1943 1726 tangit,
1985 1683 2020 1713 et

160 1746 311 1796 quidem
339 1745 437 1783 XIX
465 1749 486 1782 1
518 1759 541 1783 a
569 1745 755 1796 Cassiope
784 1746 1028 1784 Brundisium
1057 1759 1097 1782 se
1126 1746 1328 1795 navigasse
1357 1752 1487 1782 narrat
1514 1746 1607 1783 mari
1637 1745 1870 1795 procelloso,
1900 1747 2020 1784 Brun-

165 1815 301 1854 disium
327 1829 468 1854 navem
497 1816 705 1854 advertisse
732 1817 791 1854 IX
820 1819 864 1865 43
893 1817 988 1855 XVI
1018 1819 1051 1854 6.
1631 1860 1636 1865 ,

290 1885 401 1925 Vitae
430 1900 521 1924 suae
549 1894 696 1937 partem
732 1887 981 1937 posteriorem
1024 1900 1119 1937 quae
1162 1887 1232 1923 iter
1272 1886 1310 1923 in
1341 1885 1543 1923 Graeciam
1581 1887 1749 1925 insecuta
1785 1893 1859 1933 est,
1902 1888 2018 1926 multo

158 1957 280 1994 rarius
307 1957 431 2006 tangit
460 1956 605 1995 Gellius
642 1971 766 2008 neque
803 1959 854 1996 ita
889 1966 929 1995 ut
964 1958 1090 2008 aliqua
1119 1958 1198 2006 ejus
1227 1971 1315 2007 pars
1356 1965 1458 1994 certo
1487 1957 1647 2007 tempori
1675 1958 1859 2007 assignari
1888 1960 2018 2008 possit.

160 2027 333 2077 Apparet
375 2040 461 2065 eum
495 2041 652 2066 uxorem
687 2028 838 2066 duxisse
874 2028 1090 2078 liberosque
1119 2040 1341 2078 procreasse
1378 2027 1509 2077 (praef.
1543 2030 1601 2074 1),
1644 2027 1682 2064 in
1710 2026 1791 2066 foro
1820 2028 1927 2077 (XVI
1959 2031 2021 2081 10)

161 2098 325 2136 arbitriis
356 2097 614 2149 similibusque
641 2099 803 2149 negotiis
833 2106 1057 2150 occupatum
1095 2099 1209 2137 fuisse
1249 2099 1322 2145 (XI
1353 2100 1403 2142 3).
1461 2098 1495 2135 A
1534 2098 1670 2148 quibus
1712 2099 1862 2149 quando
1905 2101 2020 2139 otium

161 2175 252 2216 erat,
281 2169 320 2206 in
350 2169 491 2206 eisdem
519 2168 651 2207 studiis
681 2169 915 2217 versabatur,
945 2183 1231 2220 nonnumquam
1259 2170 1298 2207 in
1313 2169 1559 2206 Praenestino
1587 2181 1737 2206 recessu
1765 2169 1838 2216 (XI
1854 2171 1902 2221 3).
1947 2172 2021 2211 Ubi

161 2240 322 2277 fortasse
337 2239 469 2288 opicus
483 2239 544 2277 ille
569 2240 615 2277 de
631 2239 738 2277 titulo
753 2239 838 2276 libri
851 2240 1067 2277 Plutarchei
1096 2253 1180 2277 eum
1197 2245 1439 2290 percontatus
1469 2244 1543 2285 est,
1574 2238 1674 2288 quod
1702 2252 1854 2290 nuper
1880 2241 2019 2279 factum

161 2321 246 2347 esse
275 2308 364 2346 dicit
394 2309 449 2347 XI
481 2312 540 2348 16.
597 2310 720 2360 Atque
750 2310 906 2348 omnino
944 2310 991 2347 ad
1022 2310 1094 2348 hoc
1122 2318 1271 2360 tempus
1301 2310 1428 2347 omnia
1455 2310 1652 2347 referenda
1682 2322 1764 2349 esse
1793 2310 2019 2359 viderentur,

160 2391 257 2429 quae
286 2392 437 2428 nuper
464 2379 564 2416 facta
592 2392 676 2416 esse
707 2380 794 2416 dicit
823 2384 878 2425 (ut
905 2380 1004 2417 XIII
1032 2382 1102 2417 31:
1141 2380 1377 2417 laudabat
1404 2379 1785 2430 venditabatque
1821 2393 1867 2418 se
1896 2383 2021 2431 quis-

159 2450 283 2499 piam
321 2451 368 2487 in
403 2450 612 2487 libraria
646 2450 817 2488 sedens
853 2450 988 2488 homo
1032 2451 1236 2499 ineptus;
1278 2450 1353 2487 XV
1387 2452 1430 2486 4:
1473 2450 1520 2487 in
1554 2451 1845 2489 sermonibus
1879 2466 2022 2502 nuper

159 2521 245 2557 luit
287 2521 515 2558 seniorum
550 2521 777 2557 hominum
820 2528 861 2557 et
894 2520 1175 2557 eruditorum
1211 2526 1315 2565 cett,
1358 2520 1394 2556 ΙΙ
1424 2521 1472 2556 24
1511 2520 1603 2569 legi
1639 2521 1754 2558 adeo
1794 2535 1937 2571 nuper
1977 2524 2021 2560 in
