2221 2866
958 273 1002 275 W
1072 228 1100 262 ΣΙ

153 330 231 381 qui
257 329 548 380 praefectus
577 330 687 369 urbi
717 336 761 368 et
788 330 862 369 bis
884 332 1056 371 consul
1082 332 1195 380 fuit,
1223 332 1272 371 de
1298 331 1383 370 loco
1412 327 1749 381 quodamcatonis
1776 326 2014 377 rescripsisse

153 412 194 439 se
222 403 448 450 praesente3
490 398 613 450 (nam
651 399 698 438 id
725 399 953 450 temporis
991 401 1112 452 inquit
1147 415 1233 452 ego
1260 398 1557 439 adulescens
1584 397 1760 436 Romae
1788 395 2014 434 sectabar

150 483 253 508 eum
282 468 514 508 discendi
541 470 738 520 gratia);
779 469 946 521 alioquin
973 471 1111 522 opinor
1137 470 1311 510 dixisset:
1340 470 1422 521 qui
1448 475 1615 520 postea
1640 468 1810 506 iterum
1838 465 2013 504 consul

152 539 239 577 fuit
266 538 330 576 vel
356 538 434 576 tale
462 539 563 590 quid.
620 538 732 586 Quod
760 539 792 577 si
819 539 1056 590 quaerimus,
1095 540 1248 591 quando
1276 539 1423 579 Gellius
1450 544 1561 577 natus
1588 550 1673 576 esse
1700 536 1885 584 videatur,
1914 536 2012 574 defe-

150 609 269 647 rimur
305 608 355 647 ad
391 622 427 647 a.
458 622 496 660 p.
527 608 572 648 O.
605 609 686 646 fere
715 610 809 657 130,
846 623 924 649 non
963 616 1004 649 ut
1032 610 1217 648 Baehrius
1243 609 1268 647 l.
1296 609 1321 647 l.
1348 622 1386 661 p.
1416 609 1491 647 48¹³
1518 607 1568 646 ad
1593 621 1627 646 a.
1656 621 1693 658 p.
1723 605 1768 645 Ο.
1800 607 1884 644 140.
1941 606 2011 644 His

151 678 297 717 eisdem
339 678 469 717 annis*
495 679 608 716 etiam
650 679 822 717 rhetores
857 679 1065 718 Antonium
1100 680 1294 719 Julianum
1327 686 1365 717 et
1401 679 1447 716 T.
1477 678 1701 717 Castricium
1735 677 2009 728 frequentabat.

148 749 243 796 Hic,
282 762 395 800 quem
425 749 572 786 Fronto
606 749 655 786 ad
683 750 791 787 amic.
819 750 860 788 11
888 752 911 788 2
940 750 999 788 ed.
1028 750 1074 788 N.
1102 763 1139 801 p.
1173 752 1245 788 190
1273 756 1445 788 nostrum
1472 748 1657 800 appellat,
1699 748 1768 785 vir
1794 760 1818 784 a
1844 747 1892 784 D.
1924 746 2011 784 Ha-

150 819 327 857 driano
369 820 418 856 in
455 832 615 858 mores
643 824 785 869 atque
818 819 1013 859 litteras
1048 825 1316 871 spectatus,
1358 819 1530 858 Romae
1564 819 1720 857 locum
1746 817 2010 869 principem

147 889 318 930 habuit
345 889 645 929 declamandi
674 903 729 929 ac
756 889 960 930 docendi
987 890 1085 930 XIII
1113 892 1183 938 223
1226 889 1292 929 sed
1329 889 1444 929 etiam
1476 888 1539 929 ille
1565 888 1793 929 docendis
1820 887 2009 939 publice

141 960 418 1011 juvenibus
445 960 678 1011 magister
703 960 772 999 fuit
798 960 896 1001 XIX
925 963 959 1000 9.
1014 960 1348 1000 Adulescentulum
1376 972 1416 1000 se
1443 959 1508 999 illo
1534 965 1705 1010 tempore
1731 958 1845 998 fuisse
1873 958 2009 997 diserte

152 1028 244 1070 dicit
269 1029 408 1071 XVIII
435 1031 471 1078 9,
501 1029 568 1069 ubi
594 1035 726 1069 narrat
752 1043 794 1069 se
828 1043 913 1070 cum
947 1030 1130 1081 magistro
1158 1037 1195 1068 et
1222 1029 1488 1081 condiscipulis
1515 1028 1680 1069 Puteolis
1706 1028 1818 1069 ferias
1845 1028 2008 1067 aestivas

150 1099 289 1150 egisse.
330 1099 538 1139 Praeterea
558 1099 639 1151 jam
667 1105 747 1138 tum
774 1100 1009 1140 consuetudo
1036 1100 1071 1138 ei
1097 1113 1183 1138 cum
1209 1099 1406 1139 Frontone
1433 1105 1515 1138 erat
1539 1099 1636 1138 XIX
1650 1101 1692 1138 8:
1720 1098 2008 1138 Adulescen-

147 1168 279 1207 tulus
313 1169 491 1207 Romae
532 1156 807 1220 p'riusquam
846 1168 1066 1208 Athenas
1107 1169 1439 1216 concederem,
1482 1168 1670 1221 quando
1711 1174 1813 1207 erat
1852 1182 1876 1207 a
1916 1182 2008 1207 ma-

146 1238 320 1290 gistris
361 1238 800 1290 auditionibusque
841 1238 1078 1278 obeundis
1120 1239 1271 1279 otium
1320 1239 1375 1279 ad
1403 1239 1696 1279 Frontonem
1732 1238 2007 1279 Cornelium

146 1308 346 1348 visendi
373 1309 542 1360 gratia
567 1309 842 1360 pergebam.
897 1308 1025 1348 Etiam
1049 1309 1282 1348 consuetudo
1306 1322 1390 1348 cum
1413 1308 1592 1348 Anniano
1612 1316 1724 1360 poeta
1751 1309 1861 1357 (X17
1883 1309 1942 1348 IX
1959 1311 2006 1348 10

146 1379 212 1429 qui
239 1379 281 1417 in
307 1379 427 1417 fundo
456 1394 524 1418 suo
552 1393 667 1430 quem
692 1380 733 1418 in
754 1394 848 1432 agro
863 1380 1015 1419 Falisco
1032 1380 1254 1431 possidebat
1280 1379 1506 1418 vindemiam
1533 1380 1675 1432 agitare
1701 1380 1849 1419 solebat
1868 1381 1946 1419 XX
1964 1382 2005 1426 8)

154 1449 244 1488 huic.
273 1451 436 1499 tempori
465 1450 611 1488 videtur
638 1450 872 1501 assignanda
902 1463 1008 1498 esse3
1046 1451 1076 1492 si
1109 1450 1260 1500 quidem
1287 1450 1485 1488 Annianus
1521 1450 1710 1488 Valerium
1744 1451 1909 1489 Probum
1945 1464 2007 1488 au-

149 1518 262 1567 divit,
305 1532 421 1570 quem
462 1520 534 1558 sub
562 1519 716 1559 Nerone
757 1521 896 1559 vixisse
938 1526 1104 1568 constat,
1146 1520 1216 1558 etsi
1257 1520 1307 1558 ad
1335 1520 1541 1558 Domitiani
1572 1526 1745 1572 tempora
1780 1522 1894 1559 vitam
1922 1534 2006 1573 pro-

152 1588 305 1629 duxisse
333 1589 535 1630 verisimile
564 1597 623 1630 est
651 1590 772 1638 (Jahn
800 1590 916 1630 Proll.
946 1590 995 1629 ad
1021 1590 1126 1629 Pers.
1157 1602 1193 1641 p.
1211 1589 1467 1634 CXXXVII).
1516 1589 1616 1630 Num
1636 1591 1716 1643 jam
1743 1591 1807 1631 illo
1834 1597 2005 1643 tempore

148 1659 190 1699 in
216 1659 299 1701 Juli
325 1659 449 1700 Paulli
474 1665 611 1711 poetae
637 1660 888 1700 familiaritate
915 1660 1038 1707 fuerit,
1067 1673 1179 1711 quem
1206 1659 1411 1700 identidem
1438 1660 1675 1700 hominem
1702 1661 1751 1700 in
1778 1663 2005 1702 memoria

147 1736 324 1769 nostra
365 1730 702 1771 doctissimum
742 1730 911 1783 appellat
939 1731 985 1780 (Ι
1014 1732 1062 1770 22
1101 1730 1135 1770 V
1163 1733 1188 1769 4
1224 1729 1319 1770 XVI
1349 1731 1420 1777 10)
1460 1730 1643 1771 incertum
1682 1739 1750 1771 est.
1804 1732 1896 1772 Hic
1935 1734 2005 1772 vir

147 1800 306 1840 bonus
334 1807 380 1840 et
406 1814 562 1840 rerum
590 1801 968 1853 litterarumque
996 1807 1211 1840 veterum
1244 1801 1458 1851 impense
1494 1800 1658 1840 doctus
1698 1802 1737 1840 in
1773 1802 2003 1843 herediolum

148 1871 252 1922 quod
285 1872 326 1911 in
358 1885 455 1924 agro
482 1872 669 1912 Vaticano
705 1872 947 1924 possidebat,
991 1870 1159 1911 Gellium
1197 1883 1283 1909 cum
1309 1870 1413 1911 Julio
1440 1869 1595 1911 Celsino
1628 1871 1790 1911 Numida
1824 1873 2005 1914 invitabat

147 1939 261 1992 (XIX
290 1942 328 1994 7)
354 1942 446 1983 item
472 1942 679 1984 Frontonis
706 1942 828 1982 amico
856 1940 968 1993 (XIX
993 1942 1066 1993 10).

282 2011 324 2053 Si
353 2012 520 2053 Gellium
553 2011 897 2054 duodevicesimam
930 2012 1010 2052 tere
1043 2024 1186 2052 annum
1223 2016 1400 2063 agentem
1439 2011 1477 2050 in
1507 2011 1743 2064 disciplinam
1772 2013 2002 2066 Apollinaris

148 2094 233 2122 sese
261 2083 458 2125 tradidisse
487 2084 686 2131 sumimus,
729 2084 877 2123 videtur
916 2083 1019 2135 apud
1053 2082 1124 2121 hos
1158 2082 1361 2133 magistros
1394 2088 1541 2134 septem
1576 2083 1654 2122 fere
1680 2097 1802 2124 annos
1830 2092 2002 2127 versatus

146 2163 250 2198 esse,
293 2166 380 2191 nam
418 2166 561 2205 quum
594 2165 645 2193 ex
681 2153 879 2205 angulis
908 2153 1207 2203 secretisque
1243 2151 1479 2192 librorum
1505 2165 1561 2192 ac
1587 2154 1923 2205 magistrorum
1952 2157 2000 2196 in

145 2222 349 2263 medium
373 2223 470 2273 jam
496 2222 737 2264 hominum
779 2229 823 2263 et
861 2223 909 2262 in
935 2222 1084 2262 lucem
1120 2221 1213 2260 fori
1240 2221 1462 2273 prodiret
1488 2222 1586 2262 XIII
1615 2225 1662 2262 13
1704 2225 1784 2271 (ubi
1811 2239 1852 2264 se
1880 2227 2000 2265 studio

136 2292 235 2346 juris
263 2292 381 2332 civilis
408 2307 565 2345 operam
592 2292 741 2333 dedisse
768 2293 983 2344 significat),
1012 2292 1138 2331 stau‘m
1165 2305 1189 2330 a
1214 2292 1536 2343 praetoribus
1563 2293 1715 2333 lectus
1742 2295 1789 2334 in
1809 2295 1999 2346 judices

142 2376 231 2405 esse
257 2363 417 2411 videtur,
443 2370 493 2403 ut
518 2364 689 2416 judicia
717 2375 838 2416 quae
865 2362 1170 2415 appellantur
1196 2363 1392 2414 privata
1418 2363 1713 2415 susciperet:
1757 2378 1803 2405 eo
1830 2371 1999 2418 tempore

142 2435 233 2475 dicit
259 2447 302 2473 se
327 2434 560 2474 hominem
587 2434 940 2474 adulescentem
967 2433 1083 2472 fuisse
1109 2446 1135 2472 a
1160 2439 1404 2483 poetarum
1431 2434 1609 2473 fabulis
1637 2442 1681 2473 et
1707 2449 1731 2474 a
1757 2436 1999 2477 rhetorum

144 2505 368 2557 epilogis
407 2505 467 2545 ad
486 2505 791 2556 judicandas
818 2504 928 2544 lites
955 2509 1183 2543 vocatum.
